<record><leader>00000cas a2200000Ka 4500</leader><controlfield tag="001">27806235</controlfield><controlfield tag="008">930326c19929999mdumr ne      0    0eng d</controlfield><datafield ind1=" " ind2=" " tag="010"><subfield code="a">sn 00063157 </subfield></datafield><datafield ind1=" " ind2=" " tag="040"><subfield code="a">WIH</subfield><subfield code="b">eng</subfield><subfield code="c">WIH</subfield><subfield code="d">NYS</subfield><subfield code="d">OCLCQ</subfield></datafield><datafield ind1=" " ind2=" " tag="037"><subfield code="b">Gaffat Ethiopian Newspaper, 2709 Hughes Rd., Adelphi, MD 20783</subfield></datafield><datafield ind1="0" ind2=" " tag="041"><subfield code="a">engamh</subfield></datafield><datafield ind1=" " ind2=" " tag="043"><subfield code="a">n-us---</subfield></datafield><datafield ind1="0" ind2="0" tag="245"><subfield code="a">Gaffat Ethiopia :</subfield><subfield code="b">Amharic and English monthly newspaper.</subfield></datafield><datafield ind1="3" ind2="0" tag="246"><subfield code="a">Gaffat</subfield><subfield code="f">May 1992</subfield></datafield><datafield ind1=" " ind2=" " tag="260"><subfield code="a">Adelphi, MD :</subfield><subfield code="b">Gaffat Ethiopian Newspaper,</subfield><subfield code="c">1992-</subfield></datafield><datafield ind1=" " ind2=" " tag="300"><subfield code="a">v. :</subfield><subfield code="b">ill. ;</subfield><subfield code="c">42 cm.</subfield></datafield><datafield ind1=" " ind2=" " tag="310"><subfield code="a">Monthly</subfield></datafield><datafield ind1="0" ind2=" " tag="362"><subfield code="a">No. 2 (June 1992)-</subfield></datafield><datafield ind1=" " ind2=" " tag="500"><subfield code="a">Title from caption.</subfield></datafield><datafield ind1=" " ind2=" " tag="515"><subfield code="a">Includes: No. 1 (May 1992); called: Gaffat.</subfield></datafield><datafield ind1=" " ind2=" " tag="530"><subfield code="a">Available on microfilm from the State Historical Society of Wisconsin.</subfield></datafield><datafield ind1=" " ind2=" " tag="546"><subfield code="a">Text in English and Amharic.</subfield></datafield><datafield ind1=" " ind2="0" tag="650"><subfield code="a">Ethiopians</subfield><subfield code="z">United States</subfield><subfield code="v">Newspapers.</subfield></datafield><datafield ind1=" " ind2=" " tag="752"><subfield code="a">United States</subfield><subfield code="b">Maryland</subfield><subfield code="c">Prince George's.</subfield></datafield></record>